<?xml version="1.0" encoding="UTF-8"?><record xmlns="http://www.loc.gov/MARC21/slim" xmlns:cinclude="http://apache.org/cocoon/include/1.0" xmlns:zs="http://www.loc.gov/zing/srw/">
  <leader>01713cz  a2200313n  4500</leader>
  <controlfield tag="001">no2001004653</controlfield>
  <controlfield tag="003">DLC</controlfield>
  <controlfield tag="005">20140408173611.0</controlfield>
  <controlfield tag="008">010119n| azannaabn          |a ana      </controlfield>
  <datafield tag="010" ind1=" " ind2=" ">
    <subfield code="a">no2001004653</subfield>
    <subfield code="z">no2013026058</subfield>
  </datafield>
  <datafield tag="035" ind1=" " ind2=" ">
    <subfield code="a">(OCoLC)oca05395421</subfield>
  </datafield>
  <datafield tag="040" ind1=" " ind2=" ">
    <subfield code="a">DLC-OK</subfield>
    <subfield code="b">eng</subfield>
    <subfield code="e">rda</subfield>
    <subfield code="c">DLC-OK</subfield>
    <subfield code="d">DLC</subfield>
    <subfield code="d">IEN</subfield>
    <subfield code="d">DLC</subfield>
  </datafield>
  <datafield tag="046" ind1=" " ind2=" ">
    <subfield code="s">1992</subfield>
  </datafield>
  <datafield tag="110" ind1="2" ind2=" ">
    <subfield code="a">Media Institute of Lesotho</subfield>
  </datafield>
  <datafield tag="370" ind1=" " ind2=" ">
    <subfield code="c">Lesotho</subfield>
    <subfield code="e">Maseru (Lesotho)</subfield>
  </datafield>
  <datafield tag="372" ind1=" " ind2=" ">
    <subfield code="a">Mass media</subfield>
    <subfield code="2">lcsh</subfield>
  </datafield>
  <datafield tag="410" ind1="2" ind2=" ">
    <subfield code="a">Media Institute for Southern Africa, Lesotho</subfield>
  </datafield>
  <datafield tag="410" ind1="2" ind2=" ">
    <subfield code="a">Media Institute of Southern Africa.</subfield>
    <subfield code="b">Media Institute of Lesotho</subfield>
  </datafield>
  <datafield tag="410" ind1="2" ind2=" ">
    <subfield code="a">Media Institute of Southern Africa (MISA) Lesotho</subfield>
  </datafield>
  <datafield tag="410" ind1="2" ind2=" ">
    <subfield code="a">MILES (Media Institute of Lesotho)</subfield>
  </datafield>
  <datafield tag="410" ind1="2" ind2=" ">
    <subfield code="a">MILES/MISA-Lesotho</subfield>
  </datafield>
  <datafield tag="410" ind1="2" ind2=" ">
    <subfield code="a">MISA Lesotho</subfield>
  </datafield>
  <datafield tag="410" ind1="2" ind2=" ">
    <subfield code="a">MISA-Lesotho MILES</subfield>
  </datafield>
  <datafield tag="670" ind1=" " ind2=" ">
    <subfield code="a">Report of the MISA Commission of Inquiry into the Media Institute of Lesotho (MILES), 1999.</subfield>
  </datafield>
  <datafield tag="670" ind1=" " ind2=" ">
    <subfield code="a">Codification of media law in Lesotho, 200-:</subfield>
    <subfield code="b">pref. (MILES/MISA-Lesotho) p. following pref. (MISA-Lesotho MILES)</subfield>
  </datafield>
  <datafield tag="670" ind1=" " ind2=" ">
    <subfield code="a">Leqosa, July 2011:</subfield>
    <subfield code="b">cover (MISA Lesotho) page 2 of cover (Maseru, Lesotho)</subfield>
  </datafield>
  <datafield tag="670" ind1=" " ind2=" ">
    <subfield code="a">Media toolkit for local governance in Lesotho, 2011:</subfield>
    <subfield code="b">t.p. (MISA Lesotho) t.p. verso (logo, Media Institute of Southern Africa, MISA Lesotho) p. 4 of cover (Media Institute for Southern Africa, Lesotho; address, Maseru, Lesotho)</subfield>
  </datafield>
  <datafield tag="670" ind1=" " ind2=" ">
    <subfield code="a">AllAfrica website, Southern Africa: the state of media in Lesotho, Mar. 12, 2013, viewed Dec. 30, 2013</subfield>
    <subfield code="b">(the Media Institute of South Africa (MISA, the local chapter being called Media Institute of Lesotho-MILES); MILES)</subfield>
  </datafield>
  <datafield tag="670" ind1=" " ind2=" ">
    <subfield code="a">Facebook, Dec. 30, 2013</subfield>
    <subfield code="b">(MISA Lesotho, founded 1992; The Media Institute of Southern Africa (MISA) Lesotho)</subfield>
  </datafield>
</record>